@article{Helfer2020, 
  doi = {10.21105/joss.02003}, 
  url = {https://doi.org/10.21105/joss.02003}, 
  year = {2020},
  publisher = {The Open Journal},
  volume = {5},
  number = {48},
  pages = {2003},
  author = {Thomas Helfer and Jeremy Bleyer and Tero Frondelius and Ivan Yashchuk and Thomas Nagel and Dmitri Naumov},
  title = {The `MFrontGenericInterfaceSupport` project},
  journal = {Journal of Open Source Software} 
} 

@report{edf_ssna303_2011,
	title = {{SSNA}303 : Éprouvette entaillée élastoplastique en grandes déformations},
	url = {http://www.code-aster.org},
	abstract = {Ce test modélise une éprouvette entaillée en axi-symétrie. Le comportement est élasto-plastique à écrouissage
isotrope linéaire de type von Mises ({VMIS}\_ISOT\_LINE).
Dans la modélisation A, deux modélisations des grandes déformations sont comparées :
•{SIMO}-{MIEHE}, hyper-élastique et prise ici comme référence
•{GDEF}-{HYPO}-{ELAS}, hypo-elastique et testée ici.
Dans la modélisation B deux modélisations des grandes déformations sont comparées :
•{SIMO}-{MIEHE}, hyper-élastique et prise ici comme référence
•{GDEF}-{LOG}, hypo-elastique et testée ici.
Les données comparées sont l’effort résultant et la contraction du ligament.},
	number = {V6.01.303 révision : 6972},
	institution = {{EDF}-R\&D/{AMA}},
	type = {Référence du Code Aster},
	author = {{EDF}},
	date = {2011-08-03},
	file = {v6.01.303.pdf:/home/th202608/.zotero/zotero/vzpzva46.default/zotero/storage/RQZSBHTV/v6.01.303.pdf:application/pdf}
}